<?xml version="1.0" encoding="utf-8"?>
<record xmlns="http://www.loc.gov/MARC21/slim" xmlns:xsi="http://www.w3.org/2001/XMLSchema-instance" xsi:schemaLocation="http://www.loc.gov/MARC21/slim http://www.loc.gov/standards/marcxml/schema/MARC21slim.xsd">
	<leader>     nam a22     Mi 4500</leader>
	<controlfield tag="001">b13747630</controlfield>
	<controlfield tag="003">UaCaAUL</controlfield>
	<controlfield tag="006">m        d        </controlfield>
	<controlfield tag="007">cr cn |||m|||a</controlfield>
	<controlfield tag="008">191001s1946    le      o     000 0 ara d</controlfield>
	<datafield ind1=" " ind2=" " tag="040">
		<subfield code="a">ZYU</subfield>
		<subfield code="b">ara</subfield>
		<subfield code="e">rda</subfield>
		<subfield code="c">ZYU</subfield>
	</datafield>
	<datafield ind1=" " ind2="4" tag="050">
		<subfield code="a">KBP250</subfield>
		<subfield code="b">.M34 1946</subfield>
	</datafield>
	<datafield ind1="1" ind2=" " tag="100">
		<subfield code="6">880-01</subfield>
		<subfield code="a">Maḥmaṣānī, Ṣubḥī Rajab,</subfield>
		<subfield code="e">authoer.</subfield>
	</datafield>
	<datafield ind1="0" ind2="0" tag="245">
		<subfield code="6">880-02</subfield>
		<subfield code="a">Falsafat al-tashrīʻ fī al-Islām :</subfield>
		<subfield code="b">muqaddimah fī dirāsat al-sharīʻah al-Islāmīyah ʻalá ḍawʼ madhāhibihā al-mukhtalifah wa-ḍawʼ al-qawānīn al-ḥadīthah /</subfield>
		<subfield code="c">taʼlīf Ṣubḥī Maḥmaṣānī, duktūr fī al-ḥuqūq (Liyūn) B. H. (Landan), raʼīs ghurfah fī maḥkamat al-istiʼnāf sābiqan, muddaʻī ʻām maḥkamat al-istiʼnāf al-sharʻīyah, ustādh al-Majallah wa-al-qānūn al-rūmānī fī al-Jāmiʻah al-Amīrikīyah Bayrūt = The philosophy of jurisprudence in Islam : comparative study of the Islamic rites and modern legal systems / by Sobhi Mahmassani.</subfield>
	</datafield>
	<datafield ind1="3" ind2="1" tag="246">
		<subfield code="a">Philosophy of jurisprudence in Islam :</subfield>
		<subfield code="b">Comparativ study of the Islamic rites and modern legal systems.</subfield>
	</datafield>
	<datafield ind1=" " ind2="1" tag="264">
		<subfield code="6">880-03</subfield>
		<subfield code="a">Bayrūt :</subfield>
		<subfield code="b">Ṣubḥī Maḥmaṣānī,</subfield>
		<subfield code="c">1365, 1946.</subfield>
	</datafield>
	<datafield ind1=" " ind2="3" tag="264">
		<subfield code="6">880-04</subfield>
		<subfield code="a">Bayrūt :</subfield>
		<subfield code="b">Yuṭlabu min Maktabat al-Kashshāf wa-Maṭbaʻatuhā,</subfield>
		<subfield code="c">1365, 1946.</subfield>
	</datafield>
	<datafield ind1=" " ind2=" " tag="300">
		<subfield code="a">online resource (351 pages)</subfield>
	</datafield>
	<datafield ind1=" " ind2=" " tag="336">
		<subfield code="a">text</subfield>
		<subfield code="2">rdacontent</subfield>
	</datafield>
	<datafield ind1=" " ind2=" " tag="337">
		<subfield code="a">computer</subfield>
		<subfield code="2">rdamedia</subfield>
	</datafield>
	<datafield ind1=" " ind2=" " tag="338">
		<subfield code="a">online resource</subfield>
		<subfield code="2">rdacarrier</subfield>
	</datafield>
	<datafield ind1=" " ind2=" " tag="500">
		<subfield code="6">880-05</subfield>
		<subfield code="a">Jamīʻ al-ḥuqūq maḥfūẓah lil-muʼallif.</subfield>
	</datafield>
	<datafield ind1=" " ind2=" " tag="500">
		<subfield code="a">Includes errata page.</subfield>
	</datafield>
	<datafield ind1=" " ind2=" " tag="500">
		<subfield code="a">Part of the Arabic Collections Online (ACO) project, contributed by American University in Cairo Library.</subfield>
	</datafield>
	<datafield ind1=" " ind2=" " tag="504">
		<subfield code="a">Includes bibliographical references (pages 333-348).</subfield>
	</datafield>
	<datafield ind1=" " ind2=" " tag="533">
		<subfield code="a">Electronic reproduction.</subfield>
		<subfield code="b">New York, N.Y. :</subfield>
		<subfield code="c">New York University,</subfield>
		<subfield code="d">2019.</subfield>
		<subfield code="5">NNU</subfield>
	</datafield>
	<datafield ind1=" " ind2="0" tag="650">
		<subfield code="a">Islamic law.</subfield>
	</datafield>
	<datafield ind1=" " ind2="0" tag="650">
		<subfield code="a">Islamic law</subfield>
		<subfield code="x">Interpretation and construction.</subfield>
	</datafield>
	<datafield ind1=" " ind2="7" tag="650">
		<subfield code="a">Islamic law.</subfield>
		<subfield code="2">fast</subfield>
		<subfield code="0">(OCoLC)fst00979949</subfield>
	</datafield>
	<datafield ind1=" " ind2="7" tag="650">
		<subfield code="a">Islamic law</subfield>
		<subfield code="x">Interpretation and construction.</subfield>
		<subfield code="2">fast</subfield>
		<subfield code="0">(OCoLC)fst00979955</subfield>
	</datafield>
	<datafield ind1="2" ind2=" " tag="710">
		<subfield code="a">American University in Cairo.</subfield>
		<subfield code="b">Library.</subfield>
	</datafield>
	<datafield ind1="0" ind2=" " tag="730">
		<subfield code="a">Arabic Collections Online.</subfield>
	</datafield>
	<datafield ind1="0" ind2="8" tag="776">
		<subfield code="i">Print version:</subfield>
		<subfield code="a">Maḥmaṣānī, Ṣubḥī Rajab, authoer.</subfield>
		<subfield code="t">Falsafat al-tashrīʻ fī al-Islām</subfield>
		<subfield code="w">(UaCaAUL)b13747630</subfield>
		<subfield code="w">(OCoLC)85052717</subfield>
	</datafield>
	<datafield ind1="4" ind2="0" tag="856">
		<subfield code="u">http://hdl.handle.net/2333.1/905qg3r2</subfield>
	</datafield>
	<datafield ind1="1" ind2=" " tag="880">
		<subfield code="6">100-01</subfield>
		<subfield code="a">محمصاني، صبحي رجب،</subfield>
		<subfield code="e">author.</subfield>
	</datafield>
	<datafield ind1="0" ind2="0" tag="880">
		<subfield code="6">245-02</subfield>
		<subfield code="a">فلسفة التشريع في الإسلام :</subfield>
		<subfield code="b">مقدمة في دراسة الشريعة الإسلامية على ضوء مذاهبها المختلة وضوء القوانين الحديثة /</subfield>
		<subfield code="c">تأليف صبحي محمصاني، دكتور في الحقوق (ليون) ب. ه. (لندن)، رئيس غرفة في محكمة الإستئناف سابقا، مدعي عام محكمة الإستئناف الشرعية، أستاذ المجلة والقانون الروماني في الجامعة الأميركية بيروت.</subfield>
	</datafield>
	<datafield ind1=" " ind2="1" tag="880">
		<subfield code="6">264-03</subfield>
		<subfield code="a">بيروت :</subfield>
		<subfield code="b">صبحي محمصاني،</subfield>
		<subfield code="c">1365، 1946.</subfield>
	</datafield>
	<datafield ind1=" " ind2="3" tag="880">
		<subfield code="6">264-04</subfield>
		<subfield code="a">بيروت :</subfield>
		<subfield code="b">يطلب من مكتبة الكشاف ومطبعتها،</subfield>
		<subfield code="c">1365، 1946.</subfield>
	</datafield>
	<datafield ind1=" " ind2=" " tag="880">
		<subfield code="6">500-05</subfield>
		<subfield code="a">جميع الحقوق محفوظة للمؤلف.</subfield>
	</datafield>
	<datafield ind1=" " ind2=" " tag="959">
		<subfield code="a">NNU</subfield>
		<subfield code="b">WEB</subfield>
		<subfield code="c">GENI</subfield>
		<subfield code="t">0</subfield>
		<subfield code="m">Electronic access</subfield>
		<subfield code="s">01</subfield>
	</datafield>
	<datafield ind1=" " ind2=" " tag="999">
		<subfield code="i">UaCaAUL_b13747630</subfield>
		<subfield code="o">(OCoLC)ocm85052717 </subfield>
		<subfield code="s">auc_aco000751</subfield>
		<subfield code="e">(ERROR-880)</subfield>
	</datafield>
</record>
